@inproceedings{1,
  title={Squeezedet: Unified, small, low power fully convolutional neural networks for real-time object detection for autonomous driving},
  author={Wu, Bichen and Iandola, Forrest and Jin, Peter H and Keutzer, Kurt},
  booktitle={Computer Vision and Pattern Recognition Workshops (CVPRW), 2017 IEEE Conference on},
  pages={446--454},
  year={2017},
  organization={IEEE}
}


@article{2,
  title={SqueezeNet: AlexNet-level accuracy with 50x fewer parameters and <> 0.5 MB model size},
  author={Iandola, Forrest N and Han, Song and Moskewicz, Matthew W and Ashraf, Khalid and Dally, William J and Keutzer, Kurt},
  journal={arXiv preprint arXiv:1602.07360},
  year={2016}
}


@article{3,
  title={Dropout: a simple way to prevent neural networks from overfitting.},
  author={Srivastava, Nitish and Hinton, Geoffrey E and Krizhevsky, Alex and Sutskever, Ilya and Salakhutdinov, Ruslan},
  journal={Journal of machine learning research},
  volume={15},
  number={1},
  pages={1929--1958},
  year={2014}
}

%han2015learning,
@inproceedings{4,
  title={Learning both weights and connections for efficient neural network},
  author={Han, Song and Pool, Jeff and Tran, John and Dally, William},
  booktitle={Advances in Neural Information Processing Systems},
  pages={1135--1143},
  year={2015}
}

%motamedi2016fast,
@article{5,
  title={Fast and Energy-Efficient CNN Inference on IoT Devices},
  author={Motamedi, Mohammad and Fong, Daniel and Ghiasi, Soheil},
  journal={arXiv preprint arXiv:1611.07151},
  year={2016}
}

%redmon2016you,
@inproceedings{6, 
  title={You only look once: Unified, real-time object detection},
  author={Redmon, Joseph and Divvala, Santosh and Girshick, Ross and Farhadi, Ali},
  booktitle={Proceedings of the IEEE Conference on Computer Vision and Pattern Recognition},
  pages={779--788},
  year={2016}
}

%redmon2016yolo9000,
@article{7, 
  title={YOLO9000: better, faster, stronger},
  author={Redmon, Joseph and Farhadi, Ali},
  journal={arXiv preprint arXiv:1612.08242},
  year={2016}
}

%YOLO,
@online{8, 
  author = {Joseph Redmon},
  title = {{YOLOv2 http://pjreddie.com/yolo/}},
  year = 2017,
  url = {http://pjreddie.com/yolo/},
  urldate = {2017-09-13}
}

%darkflow_issues,
@online{9, 
  title = {{YOLOv2} Low fps on tiny memory devices https://github.com/thtrieu/darkflow/issues/16},
  year = 2016,
  url = {https://github.com/thtrieu/darkflow/issues/16},
  urldate = {2017-09-13}
}

%girshick2014rich,
@inproceedings{10, 
  title={Rich feature hierarchies for accurate object detection and semantic segmentation},
  author={Girshick, Ross and Donahue, Jeff and Darrell, Trevor and Malik, Jitendra},
  booktitle={Proceedings of the IEEE conference on computer vision and pattern recognition},
  pages={580--587},
  year={2014}
}

%girshick2015fast,
@inproceedings{11, 
  title={Fast r-cnn},
  author={Girshick, Ross},
  booktitle={Proceedings of the IEEE international conference on computer vision},
  pages={1440--1448},
  year={2015}
}

%ren2015faster,
@inproceedings{12, 
  title={Faster R-CNN: Towards real-time object detection with region proposal networks},
  author={Ren, Shaoqing and He, Kaiming and Girshick, Ross and Sun, Jian},
  booktitle={Advances in neural information processing systems},
  pages={91--99},
  year={2015}
}

%he2017mask,
@article{13, 
  title={Mask r-cnn},
  author={He, Kaiming and Gkioxari, Georgia and Doll{\'a}r, Piotr and Girshick, Ross},
  journal={arXiv preprint arXiv:1703.06870},
  year={2017}
}

%chorowski2015attention,
@inproceedings{14, 
  title={Attention-based models for speech recognition},
  author={Chorowski, Jan K and Bahdanau, Dzmitry and Serdyuk, Dmitriy and Cho, Kyunghyun and Bengio, Yoshua},
  booktitle={Advances in Neural Information Processing Systems},
  pages={577--585},
  year={2015}
}

%COCO,
@online{15,
  author = {COCO Consortium},
  title = {{COCO DATASET} Detection Evaluation \\ http://mscoco.org/dataset},
  year = 2017,
  url = {http://mscoco.org/dataset/##detections-eval},
  urldate = {2017-09-13}
}

%paszke2016enet,
@article{16, 
  title={Enet: A deep neural network architecture for real-time semantic segmentation},
  author={Paszke, Adam and Chaurasia, Abhishek and Kim, Sangpil and Culurciello, Eugenio},
  journal={arXiv preprint arXiv:1606.02147},
  year={2016}
}

%szegedy2017inception,
@inproceedings{17, 
  title={Inception-v4, Inception-ResNet and the Impact of Residual Connections on Learning.},
  author={Szegedy, Christian and Ioffe, Sergey and Vanhoucke, Vincent and Alemi, Alexander A},
  booktitle={AAAI},
  pages={4278--4284},
  year={2017}
}

%rastegari2016xnor,
@inproceedings{18, 
  title={Xnor-net: Imagenet classification using binary convolutional neural networks},
  author={Rastegari, Mohammad and Ordonez, Vicente and Redmon, Joseph and Farhadi, Ali},
  booktitle={European Conference on Computer Vision},
  pages={525--542},
  year={2016},
  organization={Springer}
}

%kingma2014adam,
@article{19, 
  title={Adam: A method for stochastic optimization},
  author={Kingma, Diederik and Ba, Jimmy},
  journal={arXiv preprint arXiv:1412.6980},
  year={2014}
}

%krizhevsky2012imagenet,
@inproceedings{20, 
  title={Imagenet classification with deep convolutional neural networks},
  author={Krizhevsky, Alex and Sutskever, Ilya and Hinton, Geoffrey E},
  booktitle={Advances in neural information processing systems},
  pages={1097--1105},
  year={2012}
}

%he2016deep,
@inproceedings{21, 
  title={Deep residual learning for image recognition},
  author={He, Kaiming and Zhang, Xiangyu and Ren, Shaoqing and Sun, Jian},
  booktitle={Proceedings of the IEEE conference on computer vision and pattern recognition},
  pages={770--778},
  year={2016}
}

%lin2016feature,
@article{22, 
  title={Feature pyramid networks for object detection},
  author={Lin, Tsung-Yi and Doll{\'a}r, Piotr and Girshick, Ross and He, Kaiming and Hariharan, Bharath and Belongie, Serge},
  journal={arXiv preprint arXiv:1612.03144},
  year={2016}
}

%jaderberg2014speeding,
@article{23, 
  title={Speeding up convolutional neural networks with low rank expansions},
  author={Jaderberg, Max and Vedaldi, Andrea and Zisserman, Andrew},
  journal={arXiv preprint arXiv:1405.3866},
  year={2014}
}

%szegedy2015going,
@inproceedings{24, 
  title={Going deeper with convolutions},
  author={Szegedy, Christian and Liu, Wei and Jia, Yangqing and Sermanet, Pierre and Reed, Scott and Anguelov, Dragomir and Erhan, Dumitru and Vanhoucke, Vincent and Rabinovich, Andrew},
  booktitle={Proceedings of the IEEE conference on computer vision and pattern recognition},
  pages={1--9},
  year={2015}
}

%uijlings2013selective,
@article{25, 
  title={Selective search for object recognition},
  author={Uijlings, Jasper RR and Van De Sande, Koen EA and Gevers, Theo and Smeulders, Arnold WM},
  journal={International journal of computer vision},
  volume={104},
  number={2},
  pages={154--171},
  year={2013},
  publisher={Springer}
}

%liu2016ssd,
@inproceedings{26, 
  title={Ssd: Single shot multibox detector},
  author={Liu, Wei and Anguelov, Dragomir and Erhan, Dumitru and Szegedy, Christian and Reed, Scott and Fu, Cheng-Yang and Berg, Alexander C},
  booktitle={European conference on computer vision},
  pages={21--37},
  year={2016},
  organization={Springer}
}

%erhan2014scalable,
@inproceedings{27, 
  title={Scalable object detection using deep neural networks},
  author={Erhan, Dumitru and Szegedy, Christian and Toshev, Alexander and Anguelov, Dragomir},
  booktitle={Proceedings of the IEEE Conference on Computer Vision and Pattern Recognition},
  pages={2147--2154},
  year={2014}
}

%huang2016speed
@article{28,
  title={Speed/accuracy trade-offs for modern convolutional object detectors},
  author={Huang, Jonathan and Rathod, Vivek and Sun, Chen and Zhu, Menglong and Korattikara, Anoop and Fathi, Alireza and Fischer, Ian and Wojna, Zbigniew and Song, Yang and Guadarrama, Sergio and others},
  journal={arXiv preprint arXiv:1611.10012},
  year={2016}
}

%DBLP:journals/corr/CruzLR17
@article{29,
  author    = {Nicol{\'{a}}s Cruz and
               Kenzo Lobos{-}Tsunekawa and
               Javier Ruiz{-}del{-}Solar},
  title     = {Using Convolutional Neural Networks in Robots with Limited Computational
               Resources: Detecting {NAO} Robots while Playing Soccer},
  journal   = {CoRR},
  volume    = {abs/1706.06702},
  year      = {2017},
  url       = {http://arxiv.org/abs/1706.06702},
  timestamp = {Mon, 03 Jul 2017 13:29:02 +0200},
  biburl    = {http://dblp.uni-trier.de/rec/bib/journals/corr/CruzLR17},
  bibsource = {dblp computer science bibliography, http://dblp.org}
}


@online{30,
  author = {Justin Johnson},
  title = {{cnn benchmarks} \\ https://github.com/jcjohnson/cnn-benchmarks},
  year = 2017,
  url = {https://github.com/jcjohnson/cnn-benchmarks},
  urldate = {2017-09-13}
}

% howard2017mobilenets
@article{31,
  title={Mobilenets: Efficient convolutional neural networks for mobile vision applications},
  author={Howard, Andrew G and Zhu, Menglong and Chen, Bo and Kalenichenko, Dmitry and Wang, Weijun and Weyand, Tobias and Andreetto, Marco and Adam, Hartwig},
  journal={arXiv preprint arXiv:1704.04861},
  year={2017}
}


@online{32,
  author = {Sam Abrahams},
  title = {{Inception-v3 speed} on Tensorflow, \\ https://github.com/samjabrahams/tensorflow-on-raspberry-pi/tree/master/benchmarks/inceptionv3},
  year = 2017,
  url = {https://github.com/samjabrahams/tensorflow-on-raspberry-pi/tree/master/benchmarks/inceptionv3},
  urldate = {2017-09-13}
}

% yu2015sketch
@article{33,
  title={Sketch-a-net that beats humans},
  author={Yu, Qian and Yang, Yongxin and Song, Yi-Zhe and Xiang, Tao and Hospedales, Timothy},
  journal={arXiv preprint arXiv:1501.07873},
  year={2015}
}

%abadi2016tensorflow
@inproceedings{34,
  title={TensorFlow: A System for Large-Scale Machine Learning.},
  author={Abadi, Mart{\'\i}n and Barham, Paul and Chen, Jianmin and Chen, Zhifeng and Davis, Andy and Dean, Jeffrey and Devin, Matthieu and Ghemawat, Sanjay and Irving, Geoffrey and Isard, Michael and others},
  booktitle={OSDI},
  volume={16},
  pages={265--283},
  year={2016}
}


% lecun1998gradient
@article{35,
  title={Gradient-based learning applied to document recognition},
  author={LeCun, Yann and Bottou, L{\'e}on and Bengio, Yoshua and Haffner, Patrick},
  journal={Proceedings of the IEEE},
  volume={86},
  number={11},
  pages={2278--2324},
  year={1998},
  publisher={IEEE}
}


% zhang1990parallel
@article{36,
  title={Parallel distributed processing model with local space-invariant interconnections and its optical architecture},
  author={Zhang, Wei and Itoh, Kazuyoshi and Tanida, Jun and Ichioka, Yoshiki},
  journal={Applied optics},
  volume={29},
  number={32},
  pages={4790--4797},
  year={1990},
  publisher={Optical Society of America}
}


% Transfer Learning references

% wolpert1997no
@article{37,
  title={No free lunch theorems for optimization},
  author={Wolpert, David H and Macready, William G},
  journal={IEEE transactions on evolutionary computation},
  volume={1},
  number={1},
  pages={67--82},
  year={1997},
  publisher={IEEE}
}
% shell2013fuzzy
@article{38,
  title={Fuzzy transfer learning},
  author={Shell, Jethro},
  year={2013},
  publisher={De Montfort University}
}
% perkins1992transfer
@article{39,
  title={Transfer of learning},
  author={Perkins, David N and Salomon, Gavriel and others},
  journal={International encyclopedia of education},
  volume={2},
  pages={6452--6457},
  year={1992}
}
% pan2010survey
@article{40,
  title={A survey on transfer learning},
  author={Pan, Sinno Jialin and Yang, Qiang},
  journal={IEEE Transactions on knowledge and data engineering},
  volume={22},
  number={10},
  pages={1345--1359},
  year={2010},
  publisher={IEEE}
}
% goodfellow2016deep
@book{41,
  title={Deep learning},
  author={Goodfellow, Ian and Bengio, Yoshua and Courville, Aaron and Bengio, Yoshua},
  volume={1},
  year={2016},
  publisher={MIT press Cambridge}
}

@article{42,
  title={An overview of gradient descent optimization algorithms},
  author={Ruder, Sebastian},
  journal={arXiv preprint arXiv:1609.04747},
  year={2016}
}

@article{43,
  title={An overview of multi-task learning in deep neural networks},
  author={Ruder, Sebastian},
  journal={arXiv preprint arXiv:1706.05098},
  year={2017}
}

@article{44,
  title={Transfer learning for activity recognition: A survey},
  author={Cook, Diane and Feuz, Kyle D and Krishnan, Narayanan C},
  journal={Knowledge and information systems},
  volume={36},
  number={3},
  pages={537--556},
  year={2013},
  publisher={Springer}
}

@inproceedings{45,
  title={Active transfer learning with zero-shot priors: Reusing past datasets for future tasks},
  author={Gavves, Stratis and Mensink, Thomas and Tommasi, Tatiana and Snoek, Cees and Tuytelaars, Tinne},
  booktitle={Proceedings ICCV 2015},
  pages={2731--2739},
  year={2015}
}

@inproceedings{46,
  title={Multi-task feature learning},
  author={Argyriou, Andreas and Evgeniou, Theodoros and Pontil, Massimiliano},
  booktitle={Advances in neural information processing systems},
  pages={41--48},
  year={2007}
}
@article{47,
  title={A spectral regularization framework for multi-task structure learning, NIPS 20},
  author={Argyriou, Andreas and Micchelli, Charles A and Pontil, Massimiliano and Ying, Yiming},
  journal={Journal Publications on Mathematics (Harmonic Analysis)},
  year={2008}
}

@article{48,
  title={Towards a neural statistician},
  author={Edwards, Harrison and Storkey, Amos},
  journal={arXiv preprint arXiv:1606.02185},
  year={2016}
}

@article{49,
  title={Tutorial on variational autoencoders},
  author={Doersch, Carl},
  journal={arXiv preprint arXiv:1606.05908},
  year={2016}
}

@inproceedings{50,
  title={Manifold alignment using procrustes analysis},
  author={Wang, Chang and Mahadevan, Sridhar},
  booktitle={Proceedings of the 25th international conference on Machine learning},
  pages={1120--1127},
  year={2008},
  organization={ACM}
}

@article{51,
  title={Domain adaptation via transfer component analysis},
  author={Pan, Sinno Jialin and Tsang, Ivor W and Kwok, James T and Yang, Qiang},
  journal={IEEE Transactions on Neural Networks},
  volume={22},
  number={2},
  pages={199--210},
  year={2011},
  publisher={IEEE}
}

@article{52,
  title={Neural structural correspondence learning for domain adaptation},
  author={Ziser, Yftah and Reichart, Roi},
  journal={arXiv preprint arXiv:1610.01588},
  year={2016}
}

@inproceedings{53,
  title={Self-taught clustering},
  author={Dai, Wenyuan and Yang, Qiang and Xue, Gui-Rong and Yu, Yong},
  booktitle={Proceedings of the 25th international conference on Machine learning},
  pages={200--207},
  year={2008},
  organization={ACM}
}

@article{54,
  title={Taming Adversarial Domain Transfer with Structural Constraints for Image Enhancement},
  author={Vansteenkiste, Elias and Kern, Patrick},
  journal={arXiv preprint arXiv:1712.00598},
  year={2017}
}

@inproceedings{55,
  title={How transferable are features in deep neural networks?},
  author={Yosinski, Jason and Clune, Jeff and Bengio, Yoshua and Lipson, Hod},
  booktitle={Advances in neural information processing systems},
  pages={3320--3328},
  year={2014}
}

@inproceedings{56,
  title={Imagenet: A large-scale hierarchical image database},
  author={Deng, Jia and Dong, Wei and Socher, Richard and Li, Li-Jia and Li, Kai and Fei-Fei, Li},
  booktitle={Computer Vision and Pattern Recognition, 2009. CVPR 2009. IEEE Conference on},
  pages={248--255},
  year={2009},
  organization={IEEE}
}

@inproceedings{57,
  title={Rich feature hierarchies for accurate object detection and semantic segmentation},
  author={Girshick, Ross and Donahue, Jeff and Darrell, Trevor and Malik, Jitendra},
  booktitle={Proceedings of the IEEE conference on computer vision and pattern recognition},
  pages={580--587},
  year={2014}
}
% perkins1992transfer
@article{58,
  title={Transfer of learning},
  author={Perkins, David N and Salomon, Gavriel and others},
  journal={International encyclopedia of education},
  volume={2},
  pages={6452--6457},
  year={1992}
}
% eaton2008modeling
@inproceedings{59,
  title={Modeling transfer relationships between learning tasks for improved inductive transfer},
  author={Eaton, Eric and Lane, Terran and others},
  booktitle={Joint European Conference on Machine Learning and Knowledge Discovery in Databases},
  pages={317--332},
  year={2008},
  organization={Springer}
}
% argyriou2008algorithm
@inproceedings{60,
  title={An algorithm for transfer learning in a heterogeneous environment},
  author={Argyriou, Andreas and Maurer, Andreas and Pontil, Massimiliano},
  booktitle={Joint European Conference on Machine Learning and Knowledge Discovery in Databases},
  pages={71--85},
  year={2008},
  organization={Springer}
}
% mahmud2008transfer
@inproceedings{61,
  title={Transfer learning using Kolmogorov complexity: Basic theory and empirical evaluations},
  author={Mahmud, MM and Ray, Sylvian},
  booktitle={Advances in neural information processing systems},
  pages={985--992},
  year={2008}
}
%kirkpatrick2017overcoming
@article{62,
  title={Overcoming catastrophic forgetting in neural networks},
  author={Kirkpatrick, James and Pascanu, Razvan and Rabinowitz, Neil and Veness, Joel and Desjardins, Guillaume and Rusu, Andrei A and Milan, Kieran and Quan, John and Ramalho, Tiago and Grabska-Barwinska, Agnieszka and others},
  journal={Proceedings of the National Academy of Sciences},
  volume={114},
  number={13},
  pages={3521--3526},
  year={2017},
  publisher={National Acad Sciences}
}

@inproceedings{63,
  title={Boosting for transfer learning},
  author={Dai, Wenyuan and Yang, Qiang and Xue, Gui-Rong and Yu, Yong},
  booktitle={Proceedings of the 24th international conference on Machine learning},
  pages={193--200},
  year={2007},
  organization={ACM}
}
% malherbe2017global
@article{64,
  title={Global optimization of Lipschitz functions},
  author={Malherbe, C{\'e}dric and Vayatis, Nicolas},
  journal={arXiv preprint arXiv:1703.02628},
  year={2017}
}

% haykin2009neural
@book{66,
  title={Neural networks and learning machines},
  author={Haykin, Simon S and Haykin, Simon S and Haykin, Simon S and Haykin, Simon S},
  volume={3},
  year={2009},
  publisher={Pearson Upper Saddle River, NJ, USA:}
}

% geiger2013vision
@article{67,
  title={Vision meets robotics: The KITTI dataset},
  author={Geiger, Andreas and Lenz, Philip and Stiller, Christoph and Urtasun, Raquel},
  journal={The International Journal of Robotics Research},
  volume={32},
  number={11},
  pages={1231--1237},
  year={2013},
  publisher={Sage Publications Sage UK: London, England}
}
% everingham2010pascal
@article{68,
  title={The pascal visual object classes (voc) challenge},
  author={Everingham, Mark and Van Gool, Luc and Williams, Christopher KI and Winn, John and Zisserman, Andrew},
  journal={International journal of computer vision},
  volume={88},
  number={2},
  pages={303--338},
  year={2010},
  publisher={Springer}
}

% alajmi2014selecting
@article{69,
  title={Selecting the most efficient genetic algorithm sets in solving unconstrained building optimization problem},
  author={Alajmi, Ali and Wright, Jonathan},
  journal={International Journal of Sustainable Built Environment},
  volume={3},
  number={1},
  pages={18--26},
  year={2014},
  publisher={Elsevier}
}
% mori1970uncanny
@article{70,
  title={The uncanny valley},
  author={Mori, Masahiro},
  journal={Energy},
  volume={7},
  number={4},
  pages={33--35},
  year={1970}
}
% nair2017image
@article{71,
  title={Image Processing Units on Ultra-low-cost Embedded Hardware: Algorithmic Optimizations for Real-time Performance},
  author={Nair, Suraj and Somani, Nikhil and Grunau, Artur and Dean-Leon, Emmanuel and Knoll, Alois},
  journal={Journal of Signal Processing Systems},
  pages={1--17},
  year={2017},
  publisher={Springer}
}
% parisotto2015actor
@article{72,
  title={Actor-mimic: Deep multitask and transfer reinforcement learning},
  author={Parisotto, Emilio and Ba, Jimmy Lei and Salakhutdinov, Ruslan},
  journal={arXiv preprint arXiv:1511.06342},
  year={2015}
}
% rusu2016sim
@article{73,
  title={Sim-to-real robot learning from pixels with progressive nets},
  author={Rusu, Andrei A and Vecerik, Matej and Roth{\"o}rl, Thomas and Heess, Nicolas and Pascanu, Razvan and Hadsell, Raia},
  journal={arXiv preprint arXiv:1610.04286},
  year={2016}
}
% dawkins2006selfish
@book{74,
  title={The Selfish Gene: --with a new Introduction by the Author},
  author={Dawkins, Richard},
  year={2006},
  publisher={Oxford University Press, USA}
}
% lin2013network
@article{75,
  title={Network in network},
  author={Lin, Min and Chen, Qiang and Yan, Shuicheng},
  journal={arXiv preprint arXiv:1312.4400},
  year={2013}
}
% leberman2016transfer
@book{76,
  title={The transfer of learning: Participants' perspectives of adult education and training},
  author={Leberman, Sarah and McDonald, Lex},
  year={2016},
  publisher={Routledge}
}
% jia2014caffe
@inproceedings{77,
  title={Caffe: Convolutional architecture for fast feature embedding},
  author={Jia, Yangqing and Shelhamer, Evan and Donahue, Jeff and Karayev, Sergey and Long, Jonathan and Girshick, Ross and Guadarrama, Sergio and Darrell, Trevor},
  booktitle={Proceedings of the 22nd ACM international conference on Multimedia},
  pages={675--678},
  year={2014},
  organization={ACM}
}
% howard2017mobilenets
@article{78,
  title={Mobilenets: Efficient convolutional neural networks for mobile vision applications},
  author={Howard, Andrew G and Zhu, Menglong and Chen, Bo and Kalenichenko, Dmitry and Wang, Weijun and Weyand, Tobias and Andreetto, Marco and Adam, Hartwig},
  journal={arXiv preprint arXiv:1704.04861},
  year={2017}
}
% sabour2017dynamic
@inproceedings{79,
  title={Dynamic routing between capsules},
  author={Sabour, Sara and Frosst, Nicholas and Hinton, Geoffrey E},
  booktitle={Advances in Neural Information Processing Systems},
  pages={3859--3869},
  year={2017}
}
% Geiger2012CVPR
@inproceedings{80,
  author = {Andreas Geiger and Philip Lenz and Raquel Urtasun},
  title = {Are we ready for Autonomous Driving? The KITTI Vision Benchmark Suite},
  booktitle = {Conference on Computer Vision and Pattern Recognition (CVPR)},
  year = {2012}
} 
% sutskever2013importance
@inproceedings{81,
  title={On the importance of initialization and momentum in deep learning},
  author={Sutskever, Ilya and Martens, James and Dahl, George and Hinton, Geoffrey},
  booktitle={International conference on machine learning},
  pages={1139--1147},
  year={2013}
}
% xu2018training
@article{82,
  title={Training a Binary Weight Object Detector by Knowledge Transfer for Autonomous Driving},
  author={Xu, Jiaolong and Wang, Peng and Yang, Heng and L{\'o}pez, Antonio M},
  journal={arXiv preprint arXiv:1804.06332},
  year={2018}
}
% dlib09
@article{83,
  author={Davis E. King},
  title={Dlib-ml: A Machine Learning Toolkit},
  journal={Journal of Machine Learning Research},
  year={2009},
  volume={10},
  pages={1755-1758},
}


% jia2014caffe
@inproceedings{101,
  title={Caffe: Convolutional architecture for fast feature embedding},
  author={Jia, Yangqing and Shelhamer, Evan and Donahue, Jeff and Karayev, Sergey and Long, Jonathan and Girshick, Ross and Guadarrama, Sergio and Darrell, Trevor},
  booktitle={Proceedings of the 22nd ACM international conference on Multimedia},
  pages={675--678},
  year={2014},
  organization={ACM}
}



